<record><leader>00000cas a22000007a 4500</leader><controlfield tag="001">10658447</controlfield><controlfield tag="008">840424d18801881wiudr ne      0   a0eng d</controlfield><datafield ind1=" " ind2=" " tag="010"><subfield code="a">sn 84024373 </subfield></datafield><datafield ind1=" " ind2=" " tag="040"><subfield code="a">NPV</subfield><subfield code="b">eng</subfield><subfield code="c">NPV</subfield><subfield code="d">OCLCQ</subfield></datafield><datafield ind1=" " ind2=" " tag="042"><subfield code="a">msc</subfield></datafield><datafield ind1="0" ind2="0" tag="245"><subfield code="a">Eau Claire daily argus.</subfield></datafield><datafield ind1="3" ind2="0" tag="246"><subfield code="a">Eau Claire argus</subfield></datafield><datafield ind1=" " ind2=" " tag="260"><subfield code="a">Eau Claire (West Side), Eau Claire County, Wis. :</subfield><subfield code="b">R.H. Copeland,</subfield><subfield code="c">1880-1881.</subfield></datafield><datafield ind1=" " ind2=" " tag="310"><subfield code="a">Daily</subfield></datafield><datafield ind1="0" ind2=" " tag="362"><subfield code="a">Vol. 1, no. 1 (May 5, 1880)-</subfield></datafield><datafield ind1="1" ind2=" " tag="362"><subfield code="a">Ceased with Mar. 1, 1881 issue.</subfield><subfield code="z">Cf. Oehlerts, d. E. Guide to Wis. newspapers.</subfield></datafield><datafield ind1=" " ind2=" " tag="500"><subfield code="a">Title on publisher's statement: Eau Claire argus.</subfield></datafield><datafield ind1=" " ind2=" " tag="580"><subfield code="a">Issued also as a weekly edition with title: Eau Claire argus.</subfield></datafield><datafield ind1=" " ind2=" " tag="752"><subfield code="a">United States</subfield><subfield code="b">Wisconsin</subfield><subfield code="c">Eau Claire</subfield><subfield code="d">Eau Claire.</subfield></datafield><datafield ind1="1" ind2=" " tag="775"><subfield code="t">Eau Claire argus</subfield><subfield code="w">(DLC)sn 84024372</subfield></datafield></record>